@misc{rendering,
  title = {Rendering (Computer Graphics)},
  howpublished = {\url{https://en.wikipedia.org/wiki/Rendering_(computer_graphics)}},
  note = {Accessed: 2018-01-24}
}
@misc{ppm,
  title = {PPM format},
  howpublished = {\url{http://netpbm.sourceforge.net/doc/ppm.html}},
  note = {Accessed: 2018-01-24}
}
@misc{sfml,
  title = {SFML},
  howpublished = {\url{https://www.sfml-dev.org/documentation/2.4.2-fr/index.php}},
  note = {Accessed: 2018-01-24}
}
